

@book{SUS,
	title = {SustainAbility},
	subtitle = {Bausteine für eine wirkungsvolle und nachhaltige Transformation},
	date = {2024},
	author = {Ronald Bogarschewsky},
	publisher = {Springer}
}


@book{EU,
  author = {Heinz Handler},
  publisher = {SpringerGabler},
  title = {Krisengeprüftes Europa},
  subtitle = {Die EU auf dem Weg zu einer neuen Identität},
  year = {2024},
  edition = {2}
}
